@article{LLS20,
  title={Khovanov homotopy type, {B}urnside category and products},
  author={Lawson, Tyler and Lipshitz, Robert and Sarkar, Sucharit},
  journal={Geometry \& Topology},
  volume={24},
  number={2},
  pages={623--745},
  year={2020},
  publisher={Mathematical Sciences Publishers}
}

@article{LS14,
  title={A {K}hovanov stable homotopy type},
  author={Lipshitz, Robert and Sarkar, Sucharit},
  journal={Journal of the American Mathematical Society},
  volume={27},
  number={4},
  pages={983--1042},
  year={2014}
}

@misc{brumfiel2023explicit,
      title={Explicit Acyclic Models and (Co)Chain Operations}, 
      author={Greg Brumfiel and John Morgan},
      year={2023},
      eprint={2310.03729},
      archivePrefix={arXiv},
      primaryClass={math.AT}
}

@unpublished {Gill2020,
	AUTHOR = {Gill, Montek Singh},
	TITLE = {Stabilizations of $E_{\infty}$ operads and $p$-adic stable homotopy theory},
	NOTE = {\url{https://arxiv.org/abs/2012.08941}},
}

@unpublished {Rounds2010,
	AUTHOR = {Rounds, Nathaniel},
	TITLE = {Local Poincar\'e duality},
	NOTE = {\url{https://www.math.stonybrook.edu/alumni/2010-Nathaniel-Rounds.pdf}},
    YEAR = {2010},
}

@unpublished {Stephan2015,
    AUTHOR = {Stephan, Marc},
    TITLE = {Kan spectra, group spectra and twisting structures},
    NOTE = {PhD Thesis, 2015, available at \url{https://sites.google.com/view/mstephan/home}},
    YEAR = {2015},
}

@ARTICLE{CKP2023,
	author = {Chen, R. and Kriz, I. and Pultr, A.},
	title = {Rings and Modules in Kan Spectra},
	JOURNAL = {Applied Categorical Structures},
	FJOURNAL = {Applied Categorical Structures},
    VOLUME = {2},
	year = {2023},
    URL = {https://www.springerprofessional.de/rings-and-modules-in-kan-spectra/25209208},
}

@ARTICLE{Kan1963,
	author = {Kan, Daniel M.},
	title = {Semisimplicial Spectra},
	JOURNAL = {Illinois J. Math.},
	FJOURNAL = {Illinois Journal of Mathematics},
    VOLUME = {7},
    NUMBER = {3},
    PAGES = {463-478},
	year = {1963},
    URL = {https://projecteuclid.org/journals/illinois-journal-of-mathematics/volume-7/issue-3/Semisimplicial-spectra/10.1215/ijm/1255644953.full},
    DOI = {10.1215/ijm/1255644953 },
}

@article{burghelea_kanspectraIII1969,
	title = {The homotopy category of spectra. {III}},
	volume = {108},
	issn = {0025-5874},
	doi = {10.1007/BF01114469},
	language = {English},
	journal = {Mathematische Zeitschrift},
	author = {Burghelea, Dan and Deleanu, Aristide},
	year = {1969},
	keywords = {55M30, 55T99},
	pages = {154--170},
}

@article{burghelea_kanspectraI1967,
	title = {The homotopy category of spectra. {I}},
	volume = {11},
	issn = {0019-2082},
	journal = {Illinois Journal of Mathematics},
	author = {Burghelea, Dan and Deleanu, Aristide},
	year = {1967},
	keywords = {55M30, 55T99},
	pages = {454--473},
    url = {https://eudml.org/doc/171098},
}

@article{burghelea_kanspectraII_1968,
	title = {The homotopy category of spectra. {II}},
	volume = {178},
	issn = {0025-5831},
	doi = {10.1007/BF01350655},
	journal = {Mathematische Annalen},
	author = {Burghelea, Dan and Deleanu, Aristide},
	year = {1968},
	keywords = {55M30, 55T99},
    url = {https://link.springer.com/article/10.1007/BF01350655},
	pages = {131--144},
}

@article {Brown1973,
    AUTHOR = {Brown, Kenneth S.},
     TITLE = {Abstract homotopy theory and generalized sheaf cohomology},
   JOURNAL = {Trans. Amer. Math. Soc.},
  FJOURNAL = {Transactions of the American Mathematical Society},
    VOLUME = {186},
      YEAR = {1973},
     PAGES = {419--458},
      ISSN = {0002-9947},
   MRCLASS = {55B30 (18H99)},
  MRNUMBER = {341469},
MRREVIEWER = {A. Dold},
       DOI = {10.2307/1996573},
       URL = {https://doi.org/10.2307/1996573},
}